<record><leader>00000cas a22000007a 4500</leader><controlfield tag="001">28541775</controlfield><controlfield tag="008">930730d19471949caudn ne      0    0eng d</controlfield><datafield ind1=" " ind2=" " tag="010"><subfield code="a">sn 93053351 </subfield></datafield><datafield ind1=" " ind2=" " tag="040"><subfield code="a">CNK</subfield><subfield code="b">eng</subfield><subfield code="c">CNK</subfield><subfield code="d">OCLCQ</subfield><subfield code="d">OCLCF</subfield><subfield code="d">OCLCO</subfield></datafield><datafield ind1="1" ind2=" " tag="029"><subfield code="a">AU@</subfield><subfield code="b">000025906191</subfield></datafield><datafield ind1=" " ind2=" " tag="042"><subfield code="a">msc</subfield></datafield><datafield ind1=" " ind2=" " tag="043"><subfield code="a">n-us-ca</subfield></datafield><datafield ind1="0" ind2=" " tag="130"><subfield code="a">Daily union Democrat (Sonora, Calif. : 1947)</subfield></datafield><datafield ind1="1" ind2="4" tag="245"><subfield code="a">The daily union Democrat.</subfield></datafield><datafield ind1=" " ind2=" " tag="260"><subfield code="a">Sonora, Tuolumne County, Calif. :</subfield><subfield code="b">Union Democrat Pub. Co.</subfield></datafield><datafield ind1=" " ind2=" " tag="300"><subfield code="a">v.</subfield></datafield><datafield ind1=" " ind2=" " tag="310"><subfield code="a">Daily (except Sat. &amp; Sun.)</subfield></datafield><datafield ind1="0" ind2=" " tag="362"><subfield code="a">Vol. 93, no. 207 (Apr. 28, 1947)-v. 95, no. 139 (Jan. 14, 1949).</subfield></datafield><datafield ind1=" " ind2="0" tag="651"><subfield code="a">Sonora (Calif.)</subfield><subfield code="v">Newspapers.</subfield></datafield><datafield ind1=" " ind2="7" tag="655"><subfield code="a">Newspapers.</subfield><subfield code="2">fast</subfield><subfield code="0">(OCoLC)fst01423814</subfield></datafield><datafield ind1=" " ind2="7" tag="651"><subfield code="a">California</subfield><subfield code="z">Sonora.</subfield><subfield code="2">fast</subfield><subfield code="0">(OCoLC)fst01215514</subfield></datafield><datafield ind1=" " ind2=" " tag="752"><subfield code="a">United States</subfield><subfield code="b">California</subfield><subfield code="c">Tuolumne</subfield><subfield code="d">Sonora.</subfield></datafield><datafield ind1="0" ind2="0" tag="780"><subfield code="t">Union Democrat (Sonora, Calif. : 1946)</subfield><subfield code="w">(DLC)sn 93052139</subfield></datafield><datafield ind1="0" ind2="7" tag="785"><subfield code="t">Tuolumne independent (Sonora, Calif. : 1946)</subfield><subfield code="w">(DLC)sn 93052030</subfield></datafield><datafield ind1="0" ind2="7" tag="785"><subfield code="t">Union Democrat (Sonora, Calif. : 1949)</subfield><subfield code="w">(DLC)sn 93053352</subfield></datafield></record>